<?xml version="1.0" encoding="UTF-8"?><record xmlns="http://www.loc.gov/MARC21/slim" xmlns:cinclude="http://apache.org/cocoon/include/1.0" xmlns:zs="http://www.loc.gov/zing/srw/">
  <leader>00351nz  a2200121n  4500</leader>
  <controlfield tag="001">n  93072710 </controlfield>
  <controlfield tag="003">DLC</controlfield>
  <controlfield tag="005">19930729155452.6</controlfield>
  <controlfield tag="008">930729n| acannaab|          |n aaa |||  </controlfield>
  <datafield tag="010" ind1=" " ind2=" ">
    <subfield code="a">n  93072710 </subfield>
  </datafield>
  <datafield tag="040" ind1=" " ind2=" ">
    <subfield code="a">DLC</subfield>
    <subfield code="c">DLC</subfield>
  </datafield>
  <datafield tag="100" ind1="1" ind2="0">
    <subfield code="a">Logan, J.</subfield>
  </datafield>
  <datafield tag="670" ind1=" " ind2=" ">
    <subfield code="a">Aroesty, J. Human support issues and systems for the space exploration initiative, 1991:</subfield>
    <subfield code="b">t.p. (J. Logan)</subfield>
  </datafield>
</record>